@online{OMS2020, author = {{Organización Mundial de la Salud} }, title = {Factores de riesgo}, year = 2020, url = {https://www.who.int/topics/risk_factors/es/}, urldate = {2020-03-08},}
@article{LANDBERG2009, author = {Hanna E. Landberg and Håkan Westberg and Håkan Tinnerberg 	}, title = {Evaluation of risk assessment approaches of occupational chemical exposures based on models in comparison with measurements}, journal = {Safety Science}, volume = {109}, pages = {412-420}, doi = {10.1016/j.ssci.2018.06.006}, url = {https://www.sciencedirect.com/science/article/pii/S0925753517315631}, year = {2018}, }
@article{CORRAO2012, author = {{Corrao, et al}}, title = {Biological Risk and Occupational Health}, journal = {Industrial Health}, volume = {50}, number = {4}, pages = {326-337}, doi = {10.2486/indhealth.MS1324}, url = {https://jlc.jst.go.jp/DN/JALC/10007643537?from=SUMMON}, year = {2012}, }
@article{MARSHALL2016, author = {{Marshall, et al}}, title = {Work-Related Unintentional Injuries Associated With Hurricane Sandy in New Jersey}, journal = {Industrial Health}, volume = {10}, number = {3}, pages = {394-404}, doi = {DOI: 10.1017/dmp.2016.47}, url = {https://www-cambridge-org.ezproxy.javeriana.edu.co/core/article/workrelated-unintentional-injuries-associated-with-hurricane-sandy-in-new-jersey/AB0220A1F1E274EA41B0C2A33D0F2DCB.}, year = {2016}, }
@article{NATALETTI2008, author = {{Nataletti, et al}}, title = {Occupational Exposure to Mechanical Vibration: The Italian Vibration Database for Risk Assessment}, journal = {International Journal of Occupational Safety and Ergonomics}, volume = {14}, number = {4}, pages = {379-386}, doi = {10.1080/10803548.2008.11076775}, url = {http://www.tandfonline.com/doi/abs/10.1080/10803548.2008.11076775}, year = {2008}, }
@article{MIRZA2018, author = {{Mirza, et al}}, title = {Occupational Noise-Induced Hearing Loss}, journal = {Journal of Occupational and Environmental Medicine}, volume = {60}, number = {9}, pages = {e501}, doi = {0.1097/JOM.0000000000001423}, url = {https://www.ncbi.nlm.nih.gov/pubmed/30095587}, year = {2018}, }
@article{CALDERON2019, author = {{Raul Calderon, et al}}, title = {Happiness, perceived stress, psychological well-being, and health behaviors of Thai university students: preliminary results from a multinational study on well-being}, journal = {Journal of American College Health}, volume = {0}, number = {0}, pages = {1-9}, year  = {2019}, publisher = {Taylor & Francis}, doi = {10.1080/07448481.2019.1657871}, note ={PMID: 31633451}, URL = {https://doi.org/10.1080/07448481.2019.1657871}, eprint = {https://doi.org/10.1080/07448481.2019.1657871}, }
@article{FORASTIERI2013, author = {{V. Forastieri}}, title = {Psychosocial risks and work-related stress}, journal = {Medicina y Seguridad del Trabajo}, volume = {59}, number = {232}, pages = {}, doi = {10.4321/S0465-546X2013000300001}, url = {http://scielo.isciii.es/scielo.php?script=sci_arttext&pid=S0465-546X2013000300001}, year = {2013}, }
@article{PEDDITZI2014, author = {{Pedditzi, Maria and Nonnis, Marcello}}, year = {2014}, month = {02}, pages = {48-62}, title = {Psycho-social sources of stress and burnout in schools: Research on a sample of italian teachers}, volume = {105}, journal = {Med Lav}, }
@article{ANDERSON1997, author = {{V. Putz-Anderson, B. Bernard}}, title = {Musculoskeletal Disorders and Workplace Factors : A Critical Review of Epidemiologic Evidence for Work-Related Musculoskeletal Disorders of the Neck Upper Extremity and Low Back}, journal = {National Institute for Occupational Safety and Health}, volume = {97}, number = {141}, pages = {}, doi = {}, url = {http://hdl.handle.net/2027/uc1.31210011098603}, year = {1997}, }
@article{MORALES2014, author = {{D. Morales}}, title = {Trabajo por turnos y presencia de obesidad en los trabajadores: Una revisión sistemática exploratoria}, journal = {Universidad Nacional de Colombia}, volume = {}, number = {}, pages = {}, doi = {}, url = {http://bdigital.unal.edu.co/40207/}, year = {2014}, }
@article{AZUMA2015, author = {{K. Azuma, et al}}, title = {Prevalence and risk factors associated with nonspecific building‐related symptoms in office employees in Japan: relationships between work environment}, journal = {Indoor Air}, volume = {25}, number = {5}, pages = {499-511}, doi = {10.1111/ina.12158}, url = {https://onlinelibrary.wiley.com/doi/abs/10.1111/ina.12158}, year = {2015}, }
@article{WIEGNER2015, author = {{L. Wiegner, et al}}, title = {Prevalence of perceived stress and associations to symptoms of exhaustion depression and anxiety in a working age population seeking primary care - an observational study}, journal = {BMC Family Practice}, volume = {16}, number = {1}, pages = {38}, doi = {10.1186/s12875-015-0252-7}, url = {https://www.ncbi.nlm.nih.gov/pubmed/25880219}, year = {2015}, }
@article{LUCA2014, author = {{M. Luca et al}}, title = {Prevalence of depression and its relationship with work characteristics in a sample of public workers}, journal = {Neuropsychiatric Disease and Treatment}, volume = {10}, number = {}, pages = {519-525}, doi = {10.2147/NDT.S56989}, url = {https://www.ncbi.nlm.nih.gov/pubmed/24707177}, year = {2014}, }
@online{MINSALUD2018, author = {{Ministerio de salud}}, title = {Indicadores de riesgos laborales}, url = {Https://www.minsalud.gov.co}, year = {2018}, urldate = {2020-03-08}}
@online{MINSALUD2019, author = {{Ministerio de salud}}, title = {Observatorio Nacional de Salud Mental}, url = {Http://Onsaludmental.Minsalud.Gov.Co}, year = {2019}, urldate = {2020-03-08}}
@article{CHARRIA2011, author = {{V. H. Charria Ortiz, K. V. Sarsosa Prowesk, y F. Arenas Ortiz}}, title = {Factores de riesgo psicosocial laboral: métodos e instrumentos de evaluación}, journal = {Revista De La Facultad Nacional De Salud Pública}, volume = {29}, number = {4}, pages = {}, doi = {}, url = {https://revistas.udea.edu.co/index.php/fnsp/article/view/9715}, year = {2011}, }
@article{ABDULLAH2020, author = {{Alotaibi Abdullah, et al}}, year = {2020}, month = {01}, pages = {23-28}, title = {The relationship between sleep quality, stress, and academic performance among medical students}, volume = {27}, journal = {Journal of family & community medicine}, doi = {10.4103/jfcm.JFCM_132_19}, }
@article{HEDERICH2016, author = {{Hederich-Martínez Christian, et al}}, title = { Validación del cuestionario Maslach Burnout Inventory-Student Survey (MBI-SS) en contexto académico colombiano },year = {2016}, journal = {CES Psicología},keywords = {Burnout Académico;  Instrumentos de Evaluación;  Educación Superior; Academic Burnout;  Occupational Stress;  Evaluation Instruments;  Higher Education. },issn = {  },language = {Español},url = {https://www.redalyc.org/articulo.oa?id=423545768002 },}	    	
@article{CAICOYA2004, author = {{M. Caicoya}}, title = {Dilemas en la evaluación de riesgos psicosociales}, journal = {Archivos de Prevención de Riesgos Laborales}, volume = {7}, number = {3}, pages = {109-118}, doi = {}, url = {http://www.archivosdeprevencion.com/view_document.php?tpd=2&i=3189}, year = {2004}, }
@article{BENAVIDES2002, author = {{F. G. Benavides,  J. Benach, C. Muntaner}}, title = {Psychosocial risk factors at the workplace: Is there enough evidence to establish reference values? Job control and its effect on public health}, journal = {Journal of Epidemiology & Community Health}, volume = {56}, number = {4}, pages = {244-249}, doi = {10.1136/jech.56.4.244}, url = {https://www.researchgate.net/publication/11467689_Psychosocial_risk_factors_at_the_workplace_is_there_enough_evidence_to_establish_reference_values}, year = {2002}, }
@article{CHOI2018, author = {{S. Choi, et al}}, title = {Risk Factor,  Job Stress and Quality of Life in Workers With Lower Extremity Pain Who Use Video Display Terminals}, journal = {Annals of Rehabilitation Medicine}, volume = {42}, number = {1}, pages = {101-112}, doi = {10.5535/arm.2018.42.1.101}, url = {https://www.ncbi.nlm.nih.gov/pubmed/29560330}, year = {2018}, }
@article{GOLONKA2019, author = {{K. Golonka et.al}}, title = {Occupational burnout and its overlapping effect with depression and anxiety}, journal = {International Journal of Occupational Medicine and Environmental Health}, volume = {32}, number = {2}, pages = {229-244}, doi = {10.13075/ijomeh.1896.01323}, url = {https://www.ncbi.nlm.nih.gov/pubmed/30855601}, year = {2019}, }
@inproceeding{YONG2012, author = {{Yong-Ren Huang and Xu-Feng Ouyang}}, title = {Sitting posture detection and recognition using force sensor}, journal = {2012 5th International Conference on BioMedical Engineering and Informatics}, volume = {}, number = {}, pages = {1117-1121}, doi = {10.1109/BMEI.2012.6513203}, url = {https://ieeexplore.ieee.org/document/6513203}, year = {2012}, }
@article{JEBELLI2018, author = {{H. Jebelli,  S. Hwang, S. Lee}}, title = {EEG-based workers' stress recognition at construction sites}, journal = {2012 5th International Conference on BioMedical Engineering and Informatics}, volume = {93}, number = {}, pages = {315-324}, doi = {10.1016/j.autcon.2018.05.027}, url = {https://www.sciencedirect.com/science/article/pii/S092658051830013X}, year = {2018}, }
@article{ZHU2016, author = {{Z. Zhu et al}}, title = {Naturalistic Recognition of Activities and Mood Using Wearable Electronics}, journal = {T-Affc}, volume = {7}, number = {3}, pages = {272-285}, doi = {10.1109/TAFFC.2015.2491927}, url = {https://ieeexplore.ieee.org/document/7299638}, year = {2016}, }
@article{GRAVINA2019, author = {{R. Gravina and Q. Li}}, title = {Emotion-relevant activity recognition based on smart cushion using multi-sensor fusion}, journal = {Information Fusion}, volume = {48}, number = {}, pages = {1-10}, doi = {10.1016/j.inffus.2018.08.001}, url = {https://www.sciencedirect.com/science/article/pii/S1566253518301064}, year = {2019}, }
@article{REID2017, author = {{C. R. Reid et al}}, title = {Wearable Technologies: How Will We Overcome Barriers to Enhance Worker Performance Health And Safety? }, journal = {Proceedings of the Human Factors and Ergonomics Society Annual Meeting}, volume = {61}, number = {1}, pages = {1026-1030}, doi = {10.1177/1541931213601740}, url = {https://journals.sagepub.com/doi/full/10.1177/1541931213601740}, year = {2017}, }
@article{SCHALL2018, author = {{M. C. Schall,  R. F. Sesek, L. A. Cavuoto}}, title = {Barriers to the Adoption of Wearable Sensors in the Workplace: A Survey of Occupational Safety and Health Professionals}, journal = {Human Factors: The Journal of Human Factors and Ergonomics Society}, volume = {60}, number = {3}, pages = {351-362}, doi = {10.1177/0018720817753907}, url = {https://journals.sagepub.com/doi/full/10.1177/0018720817753907}, year = {2018}, }
@article{MAGDIN2016, author = {{M. Magdin,  M. Turcani, L. & Hudec}}, title = {Evaluating the Emotional State of a User Using a Webcam}, journal = {International Journal of Interactive Multimedia and Artificial Intelligence}, volume = {4}, number = {1}, pages = {61-68}, doi = {10.9781/ijimai.2016.4112}, url = {https://www.researchgate.net/publication/303851409_Evaluating_the_Emotional_State_of_a_User_Using_a_Webcam}, year = {2016}, }
@article{SOLEYMANI2017, author = {{M. Soleymani, et al}}, title = {A survey of multimodal sentiment analysis}, journal = {Image and Vision Computing}, volume = {65}, number = {}, pages = {3-14}, doi = {10.1016/j.imavis.2017.08.003}, url = {https://www.sciencedirect.com/science/article/pii/S0262885617301191}, year = {2017}, }
@article{HARLEY2015, author = {{J. M. Harley, et al}}, title = {A multi-componential analysis of emotions during complex learning with an intelligent multi-agent system}, journal = {Computers in Human Behavior}, volume = {48}, number = {}, pages = {615-625}, doi = {10.1016/j.chb.2015.02.013}, url = {https://www.sciencedirect.com/science/article/pii/S0747563215001119}, year = {2015}, }
@inproceeding{YANG2017, author = {{Yang Le et al}}, title = {Multimodal measurement of depression using deep learning models}, journal = {AVEC '17: Proceedings of the 7th Annual Workshop on Audio/Visual Emotion Challenge}, volume = {}, number = {}, pages = {53-59}, doi = {10.1145/3133944.3133948}, url = {http://dl.acm.org/citation.cfm?id=3133948}, year = {2017}, }
@article{PORIA2017, author = {{S. Poria et al}}, title = {Ensemble application of convolutional neural networks and multiple kernel learning for multimodal sentiment analysis}, journal = {Neurocomputing}, volume = {261}, number = {}, pages = {217-230}, doi = {10.1016/j.neucom.2016.09.117}, url = {https://www.sciencedirect.com/science/article/pii/S0925231217302023}, year = {2017}, }
@article{CAMPOS2016, author = {{Campos, Victor and Jou, Brendan and Giró-i-Nieto, Xavier}}, title = {From Pixels to Sentiment: Fine-tuning CNNs for Visual Sentiment Prediction}, journal = {Image and Vision Computing}, volume = {}, number = {}, pages = {}, doi = {10.1016/j.imavis.2017.01.011}, url = {https://arxiv.org/abs/1604.03489}, year = {2016}, }
@article{JAIN2018, author = {{N. Jain, et al}}, title = {Hybrid deep neural networks for face emotion recognition}, journal = {Pattern Recognition Letters}, volume = {115}, number = {}, pages = {101-106}, doi = {10.1016/j.patrec.2018.04.010}, url = {https://www.sciencedirect.com/science/article/pii/S0167865518301302}, year = {2018}, }
@article{DINGES2005, author = {{D. F. Dinges et al}}, title = {Optical computer recognition of facial expressions associated with stress induced by performance demands}, journal = {Aviation, Space, and Environmental Medicine}, volume = {76}, number = {}, pages = {B172-82}, doi = {}, url = {https://www.ncbi.nlm.nih.gov/pubmed/15943210}, year = {2005}, }
@article{ZHU2018, author = {{Y. Zhu et al}}, title = {Automated Depression Diagnosis Based on Deep Networks to Encode Facial Appearance and Dynamics}, journal = {T-Affc}, volume = {9}, number = {4}, pages = {578-584}, doi = {10.1109/TAFFC.2017.2650899}, url = {https://ieeexplore.ieee.org/document/7812588}, year = {2018}, }
@article{ALGHOWINEM2018, author = {{S. Alghowinem et al}}, title = {Multimodal Depression Detection: Fusion Analysis of Paralinguistic Head Pose and Eye Gaze Behaviors}, journal = {T-Affc}, volume = {9}, number = {4}, pages = {478-490}, doi = {10.1109/TAFFC.2016.2634527}, url = {https://ieeexplore.ieee.org/document/7763752}, year = {2018}, }
@online{AVEC2019, author = {{ACM Multimedia} }, title = {Audio/Visual Emotion Challenge and Workshop}, year = 2019, url = {https://sites.google.com/view/avec2019/home}, urldate = {2020-03-08},}
@inproceeding{ACHARYA2000, author = {{S. Acharya and S. Chellappan}}, title = {IBM CRISP-DM : A Step-by-Step Guide.}, journal = {Apress L. P}, volume = {}, number = {}, pages = {}, doi = {}, url = {ftp://ftp.software.ibm.com/software/analytics/spss/support/Modeler/Documentation/14/UserManual/CRISP-DM.pdf}, year = {2000}, }
@inproceeding{GONZALEZ2006, author = {Enrique González}, title = {Desarrollo de Aplicaciones basadas en Sistemas MultiAgentes}, journal = {}, volume = {}, number = {}, pages = {}, doi = {}, url = {}, year = {2006}, }
@book{SCHWABER2012, author = {{Ken Schwaber and Jeff Sutherland}}, title = {The scrum guide in Software in 30 Days}, journal = {John Wiley & Sons}, volume = {}, number = {}, pages = {133-152}, doi = {978-1118206669}, url = {https://www.amazon.es/Software-30-Days-Customers-Competitors-ebook/dp/B007P6UPLG}, year = {2012}, }
@article{VENKATESH2008, author = {{V. Venkatesh and H. Bala}}, title = {Technology Acceptance Model 3 and a Research Agenda on Interventions}, journal = {Decision Sciences}, volume = {39}, number = {2}, pages = {273-315}, doi = {10.1111/j.1540-5915.2008.00192.x}, url = {https://search.proquest.com/docview/198119893}, year = {2008}, }
@article{SCHINDLER2008, author = {{K. Schindler,  L. Van Gool, B. de Gelder}}, title = {Recognizing emotions expressed by body pose: A biologically inspired neural model}, journal = {Neural Networks}, volume = {21}, number = {9}, pages = {1238-1246}, doi = {10.1016/j.neunet.2008.05.003}, url = {https://www.sciencedirect.com/science/article/pii/S0893608008000944}, year = {2008}, }
@inproceeding{STEUNEBRINK2010, author = {{B. R. Steunebrink}}, title = {The logical structure of emotions}, journal = {SIKS Dissertation Series}, volume = {23}, number = {}, pages = {}, doi = {}, url = {https://dspace.library.uu.nl/bitstream/handle/1874/43581/steunebrink.pdf?sequence=2}, year = {2010}, }
@inproceeding{SMRC2012, author = {{SMRC}}, title = {Spanish Personal Health Questionnaire Depression Scale (PHQ-8)}, journal = {Self Management R esource Center}, volume = {}, number = {}, pages = {}, doi = {}, url = {https://www.selfmanagementresource.com/docs/pdfs/Spanish_-_phqesp.pdf}, year = {2012}, }
@book{MORA1991, author = {Calvo Javier}, title = {Evaluación Educativa Y Social}, journal = {Universidad de Granada}, volume = {}, number = {}, pages = {}, doi = {8433813463}, url = {http://catalog.hathitrust.org/Record/006161829}, year = {1991}, }
@article{PEKRUN2011, author = {{R. Pekrun et al}}, title = {Measuring emotions in students’ learning and performance: The Achievement Emotions Questionnaire (AEQ)}, journal = {Contemporary Educational Psychology}, volume = {36}, number = {1}, pages = {36-48}, doi = {10.1016/j.cedpsych.2010.10.002}, url = {https://www.sciencedirect.com/science/article/pii/S0361476X10000536}, year = {2011}, }
@article{JONKER2001, author = {{C. M. JONKER,  J. TREUR, W. C. A. WIJNGAARDS}}, title = {An agent-based architecture for multimodal interaction}, journal = {International Journal of Human-Computer Studies}, volume = {54}, number = {3}, pages = {351-405}, doi = {}, url = {http://www.sciencedirect.com.ezproxy.javeriana.edu.co:2048/science/article/pii/S1071581900904506. DOI: //doi-org.ezproxy.javeriana.edu.co/10.1006/ijhc.2000.0450}, year = {2001}, }
@inproceeding{ABELLO2018, author = {{Eder Mauricio Abello Rodríguez}}, title = {Identificación De Actividades Inusuales a Partir Del Uso De CCTV. }, journal = {Pontificia Universidad Javeriana}, volume = {}, number = {}, pages = {}, doi = {}, url = {}, year = {2018}, }
@inproceeding{VALENCIA2015, author = {{Daniel Steven Valencia Parada}}, title = {Simulador Basado En Agentes Inteligentes Para El Apoyo a La Toma De Decisiones En Los Planes Operacionales De Negocios En Centros Comerciales. }, journal = {Pontificia Universidad Javeriana}, volume = {}, number = {}, pages = {}, doi = {}, url = {}, year = {2015}, }
@inproceeding{ALCALA2017, author = {Javier Alcalá}, title = {Reconocimiento Multimodal Del Estado Emocional De Un Niño En Un Contexto Educativo. }, journal = {Pontificia Universidad Javeriana}, volume = {}, number = {}, pages = {}, doi = {}, url = {}, year = {2017}, }
@article{MANFREDI2016, author = {{S. Manfredi}}, title = {Robust scalable stabilisability conditions for large-scale heterogeneous multi-agent systems with uncertain nonlinear interactions: towards a distributed computing architecture}, journal = {International Journal of Control}, volume = {89}, number = {6}, pages = {1203-1213}, doi = {10.1080/00207179.2015.1125023}, url = {http://www.tandfonline.com/doi/abs/10.1080/00207179.2015.1125023}, year = {2016}, }
@article{MITROVIC2014, author = {{D. Mitrovic,  M. Ivanović, Z. Geler}}, title = {Agent-Based Distributed Computing for Dynamic Networks}, journal = {Information Technology and Control}, volume = {43}, number = {1}, pages = {88-97}, doi = {10.5755/j01.itc.43.1.4588}, url = {https://www.researchgate.net/publication/278299293_Agent-Based_Distributed_Computing_for_Dynamic_Networks}, year = {2014}, }
@online{MINPROT2008, author = {{Ministerio de la protección social} }, title = {Resolución 2646 de 2008}, year = 2008, url = {http://www.saludcapital.gov.co/Documentos%20Salud%20Ocupacional/RESOL.%202646%20DE%202008%20RIESGO%20PSICOSOCIAL.pdf}, urldate = {2020-03-08},}
@article{RODRIGUEZ2009, author = {{M. Rodríguez}}, title = {Factores Psicosociales de Riesgo Laboral: ¿Nuevos tiempos, nuevos riesgos?}, journal = {Observatorio Laboral Revista Venezolana}, volume = {2}, number = {3}, pages = {127-141}, url = {http://dialnet.unirioja.es/servlet/oaiart?codigo=2995368}, year = {2009}, }